<record><leader>00000cas a22000007a 4500</leader><controlfield tag="001">19574827</controlfield><controlfield tag="008">890420d191719uugauwr ne      0    0eng d</controlfield><datafield ind1=" " ind2=" " tag="010"><subfield code="a">sn 89077816 </subfield></datafield><datafield ind1=" " ind2=" " tag="040"><subfield code="a">NPH</subfield><subfield code="b">eng</subfield><subfield code="c">NPH</subfield><subfield code="d">OCLCQ</subfield></datafield><datafield ind1=" " ind2=" " tag="042"><subfield code="a">msc</subfield></datafield><datafield ind1="0" ind2="4" tag="245"><subfield code="a">The Regimental reveille.</subfield></datafield><datafield ind1=" " ind2=" " tag="260"><subfield code="a">Camp Hancock, Augusta, Ga. :</subfield><subfield code="b">One Hundred Seventh Field Artillery,</subfield><subfield code="c">1917-</subfield></datafield><datafield ind1=" " ind2=" " tag="300"><subfield code="a">v.</subfield></datafield><datafield ind1=" " ind2=" " tag="310"><subfield code="a">Weekly</subfield></datafield><datafield ind1="0" ind2=" " tag="362"><subfield code="a">Oct. 4, 1917-</subfield></datafield><datafield ind1=" " ind2=" " tag="500"><subfield code="a">Published in the interest of the personnel of the one hundred seventh field artillery.</subfield></datafield><datafield ind1=" " ind2=" " tag="752"><subfield code="a">United States</subfield><subfield code="b">Georgia</subfield><subfield code="c">Richmond</subfield><subfield code="d">Augusta.</subfield></datafield><datafield ind1=" " ind2=" " tag="752"><subfield code="a">United States</subfield><subfield code="b">Georgia</subfield><subfield code="c">Richmond</subfield><subfield code="d">Camp Hancock.</subfield></datafield></record>